@book{cisco:ccent,
  author       = {Wendell Odom},
  title        = {{CCENT/CCNA ICND1 100-105 Official Cert Guide}},
  year         = {2016},
  book         = {Cisco Press}
}

@book{medioni:2004,
  author      = {G. Medioni and S. Kang},
  title       = {Emerging topics in computer vision},
  howpublished= {Prentice Hall Professional Technical Reference},
  year        = {2004}
}

@book{Burns:AFI,
  author    = {Burns, Marshall},
  title     = {{Automated Fabrication: Improving Productivity in Manufacturing}},
  year      = {1993},
  isbn      = {0-13-119462-3},
  publisher = {Prentice-Hall, Inc.},
  address   = {Upper Saddle River, NJ, USA}
}

@article{vail:1992,
  author       = {R. Vaillant and O. Faugeras},
  title        = {{Using extremal boundaries for 3-D object modeling}},
  journal      = {{IEEE Transactions on Pattern Analysis and Machine Intelligance}},
  volume       = {14, 2},
  year         = {1992},
  pages        = {157--173}
}

@book{hartley:2004,
  author    = {R. Hartley and A. Zissermann},
  title     = {{Multiple View Geometry in Computer Vision, second ed.}},
  publisher = {{Cambridge University Press}},
  year      = {{2004}}
}

@book{land:2004,
  author    = {M. Land and D. Nilson},
  title     = {Animal Eyes},
  publisher = {Oxford University Press},
  year      = {2004},
  month     = {2}
}

@article{blais:2004,
   author   = {F. Blais},
   title    = {{Review of 20 years of range sensor development}},
   journal  = {{Journal of Electronic Imaging}},
   vo1ume   = {3, 1},
   year     = {2004},
   pages    = {231--240}
}
